@book{Chow59,
  Address =      {New York},
  Author =       {V.T. Chow},
  Publisher =    {McGraw-Hill},
  Title =        {Open Channel Hydraulics},
  Year =         {1959}
}

@book{Fis79,
  Address =      {New York, New York},
  Author =       {H.B. Fischer and E. J. List and R.C.Y. Koh and
                  J. Imerger and N.H. Brooks},
  Publisher =    {Academic Press},
  Title =        {Mixing in Inland and Coastal Waters.},
  Year =         {1979}
}
